@inproceedings{DS:Weembly,
address = {Taipei, Taiwan},
author = {Bittner, R. and Salamon, J. and Tierney, M. and Mauch, M. and Cannam, C. and Bello, J. P.},
booktitle = {5th International Society for Music Information Retrieval Conference},
keywords = {Bittner2014},
title = {{MedleyDB: A Multitrack Dataset for Annotation-Intensive MIR Research}},
url = {http://medleydb.weebly.com/},
year = {2014}
}
