@website{BLR,
	title = {Bad Lip Reading},
	publisher = {YouTube channel},
	website = {https://en.wikipedia.org/wiki/Bad_Lip_Reading},
	year = {2011 â€“ present},
	Genre = {comedy}
}
@paper{corpus,
	title = {Automatic Speech Recognition in Music},
	publisher = {University of Sheffield MSc project},
	author = {Gerardo Roa Dabike},
	year = {2016},
}
