@inproceedings{DS:Weembly,
address = {Taipei, Taiwan},
author = {Bittner, R. and Salamon, J. and Tierney, M. and Mauch, M. and Cannam, C. and Bello, J. P.},
booktitle = {5th International Society for Music Information Retrieval Conference},
keywords = {Bittner2014},
title = {{MedleyDB: A Multitrack Dataset for Annotation-Intensive MIR Research}},
url = {http://medleydb.weebly.com/},
year = {2014}
}
@inproceedings{DS:DeMan2014,
author = {{De Man}, Brecht and Mora-Mcginity, Mariano and Fazek, George and Reiss, Joshua D.},
booktitle = {137th Convention of the Audio Engineering Society},
keywords = {DeMan2014},
title = {{The Open Multitrack Testbed}},
url = {http://multitrack.eecs.qmul.ac.uk/},
year = {2014}
}
@misc{DS:Janer2013,
author = {Janer, Jordi},
keywords = {Universitat Pompeu Fabra},
title = {{Audio Signal Separation | Music Technology Group}},
url = {http://www.mtg.upf.edu/project/audiosignalseparation?p=MASS - AudioScanner/resources/},
urldate = {2016-05-11},
year = {2013}
}
@misc{DS:Lerch2015,
author = {Lerch, Alexander},
keywords = {Alexander Lerch},
title = {{Audio Content Analysis - Datasets}},
url = {http://www.audiocontentanalysis.org/data-sets/},
urldate = {2016-05-11},
year = {2015}
}
@misc{DS:SiSEC2013,
author = {{SiSEC 2013}},
keywords = {SiSEC 2013},
title = {{SISEC 2013 : HomePage}},
url = {http://sisec.wiki.irisa.fr/tiki-index.php?page=Professionally+produced+music+recordings},
urldate = {2016-05-11},
year = {2013}
}
@misc{DS:Vincent2007,
author = {Vincent, E. and Gribonval, R. and Plumbley, Mark D.},
title = {{BSS{\_}ORACLE: A toolbox to compute oracle estimators for source separation}},
url = {http://bass-db.gforge.inria.fr/bss{\_}oracle/},
urldate = {2016-05-11},
year = {2007}
}
