@misc{TheUKCopyrightService2015,
abstract = {The UK copyright law fact sheet outlines the Copyright, Designs and Patents Act 1988, the principal legislation covering intellectual property rights in the United Kingdom and the work to which it applies.},
author = {{The UK Copyright Service}},
file = {:home/groa/Documents/Mendeley Desktop/1c52d379489b1885d018cd03791997b8ed2cf0e3.html:html},
title = {{Fact sheet P-01: UK Copyright Law}},
url = {https://www.copyrightservice.co.uk/copyright/p01{\_}uk{\_}copyright{\_}law},
year = {2015}
}
@misc{YouTubea,
author = {YouTube},
title = {{Frequently asked copyright questions - YouTube Help}},
url = {https://support.google.com/youtube/answer/2797449},
urldate = {2016-05-12},
year = {2016}
}
@misc{YouTubeb,
author = {YouTube},
title = {{Official YouTube Blog: Creating new opportunities for publishers and songwriters}},
url = {https://youtube.googleblog.com/2011/08/creating-new-opportunities-for.html},
urldate = {2016-05-12},
year = {2011}
}
