@inproceedings{Raj1997,
address = {Munich},
author = {Raj, Bhiksha and Parikh, Vipul N and Stern, Richard M},
booktitle = {Acoustics, Speech, and Signal Processing, 1997. ICASSP-97., 1997 IEEE International Conference on},
file = {:home/groa/Documents/Mendeley Desktop/Raj, Parikh, Stern - 1997 - The effects of background music on speech recognition accuracy.pdf:pdf},
isbn = {0818679190},
pages = {851--854 vol.2},
publisher = {IEEE},
title = {{The effects of background music on speech recognition accuracy}},
year = {1997}
}
@misc{ZyTrax,
author = {ZyTrax, Inc.},
keywords = {Inc.,ZyTrax},
title = {{Tech Stuff - Frequency Ranges}},
url = {http://www.zytrax.com/tech/audio/audio.html},
urldate = {2016-05-10}
}
@book{Latham2002,
author = {Latham, Alison},
publisher = {USA: Oxford University Press.},
title = {{The oxford companion to music.}},
year = {2002}
}
